%YAML 1.1
%TAG !u! tag:unity3d.com,2011:
--- !u!1 &6035965263606495161
GameObject:
  m_ObjectHideFlags: 0
  m_CorrespondingSourceObject: {fileID: 0}
  m_PrefabInstance: {fileID: 0}
  m_PrefabAsset: {fileID: 0}
  serializedVersion: 6
  m_Component:
  - component: {fileID: 6035965263606393753}
  - component: {fileID: 653707705689549306}
  - component: {fileID: 1952831465639839639}
  - component: {fileID: -9190112730048822468}
  m_Layer: 9
  m_Name: Plant
  m_TagString: Untagged
  m_Icon: {fileID: 0}
  m_NavMeshLayer: 0
  m_StaticEditorFlags: 0
  m_IsActive: 1
--- !u!4 &6035965263606393753
Transform:
  m_ObjectHideFlags: 0
  m_CorrespondingSourceObject: {fileID: 0}
  m_PrefabInstance: {fileID: 0}
  m_PrefabAsset: {fileID: 0}
  m_GameObject: {fileID: 6035965263606495161}
  m_LocalRotation: {x: 0, y: 0, z: 0, w: 1}
  m_LocalPosition: {x: 0, y: 0, z: 0}
  m_LocalScale: {x: 1, y: 1, z: 1}
  m_Children:
  - {fileID: 1674859198739774029}
  m_Father: {fileID: 0}
  m_RootOrder: 0
  m_LocalEulerAnglesHint: {x: 0, y: 0, z: 0}
--- !u!114 &653707705689549306
MonoBehaviour:
  m_ObjectHideFlags: 0
  m_CorrespondingSourceObject: {fileID: 0}
  m_PrefabInstance: {fileID: 0}
  m_PrefabAsset: {fileID: 0}
  m_GameObject: {fileID: 6035965263606495161}
  m_Enabled: 1
  m_EditorHideFlags: 0
  m_Script: {fileID: 11500000, guid: e1a167d4f7505094094ebccf693ae2f3, type: 3}
  m_Name: 
  m_EditorClassIdentifier: 
--- !u!65 &1952831465639839639
BoxCollider:
  m_ObjectHideFlags: 0
  m_CorrespondingSourceObject: {fileID: 0}
  m_PrefabInstance: {fileID: 0}
  m_PrefabAsset: {fileID: 0}
  m_GameObject: {fileID: 6035965263606495161}
  m_Material: {fileID: 0}
  m_IsTrigger: 0
  m_Enabled: 1
  serializedVersion: 2
  m_Size: {x: 1.04, y: 1.79, z: -1}
  m_Center: {x: -0.008529723, y: 0.88, z: 0.0014939904}
--- !u!54 &-9190112730048822468
Rigidbody:
  m_ObjectHideFlags: 0
  m_CorrespondingSourceObject: {fileID: 0}
  m_PrefabInstance: {fileID: 0}
  m_PrefabAsset: {fileID: 0}
  m_GameObject: {fileID: 6035965263606495161}
  serializedVersion: 2
  m_Mass: 1
  m_Drag: 0
  m_AngularDrag: 0.05
  m_UseGravity: 0
  m_IsKinematic: 1
  m_Interpolate: 0
  m_Constraints: 0
  m_CollisionDetection: 0
--- !u!1001 &1674859198739636429
PrefabInstance:
  m_ObjectHideFlags: 0
  serializedVersion: 2
  m_Modification:
    m_TransformParent: {fileID: 6035965263606393753}
    m_Modifications:
    - target: {fileID: 100000, guid: 13626540095a53146ae4bc6fa6ddae0b, type: 3}
      propertyPath: m_Name
      value: Prop_Plant_03
      objectReference: {fileID: 0}
    - target: {fileID: 100000, guid: 13626540095a53146ae4bc6fa6ddae0b, type: 3}
      propertyPath: m_IsActive
      value: 1
      objectReference: {fileID: 0}
    - target: {fileID: 400000, guid: 13626540095a53146ae4bc6fa6ddae0b, type: 3}
      propertyPath: m_LocalPosition.x
      value: 0
      objectReference: {fileID: 0}
    - target: {fileID: 400000, guid: 13626540095a53146ae4bc6fa6ddae0b, type: 3}
      propertyPath: m_LocalPosition.y
      value: 0
      objectReference: {fileID: 0}
    - target: {fileID: 400000, guid: 13626540095a53146ae4bc6fa6ddae0b, type: 3}
      propertyPath: m_LocalPosition.z
      value: 0
      objectReference: {fileID: 0}
    - target: {fileID: 400000, guid: 13626540095a53146ae4bc6fa6ddae0b, type: 3}
      propertyPath: m_LocalRotation.x
      value: 0
      objectReference: {fileID: 0}
    - target: {fileID: 400000, guid: 13626540095a53146ae4bc6fa6ddae0b, type: 3}
      propertyPath: m_LocalRotation.y
      value: 0
      objectReference: {fileID: 0}
    - target: {fileID: 400000, guid: 13626540095a53146ae4bc6fa6ddae0b, type: 3}
      propertyPath: m_LocalRotation.z
      value: 0
      objectReference: {fileID: 0}
    - target: {fileID: 400000, guid: 13626540095a53146ae4bc6fa6ddae0b, type: 3}
      propertyPath: m_LocalRotation.w
      value: 1
      objectReference: {fileID: 0}
    - target: {fileID: 400000, guid: 13626540095a53146ae4bc6fa6ddae0b, type: 3}
      propertyPath: m_RootOrder
      value: 0
      objectReference: {fileID: 0}
    - target: {fileID: 400000, guid: 13626540095a53146ae4bc6fa6ddae0b, type: 3}
      propertyPath: m_LocalEulerAnglesHint.x
      value: 0
      objectReference: {fileID: 0}
    - target: {fileID: 400000, guid: 13626540095a53146ae4bc6fa6ddae0b, type: 3}
      propertyPath: m_LocalEulerAnglesHint.y
      value: 0
      objectReference: {fileID: 0}
    - target: {fileID: 400000, guid: 13626540095a53146ae4bc6fa6ddae0b, type: 3}
      propertyPath: m_LocalEulerAnglesHint.z
      value: 0
      objectReference: {fileID: 0}
    - target: {fileID: 400000, guid: 13626540095a53146ae4bc6fa6ddae0b, type: 3}
      propertyPath: m_LocalScale.x
      value: 1.607073
      objectReference: {fileID: 0}
    - target: {fileID: 400000, guid: 13626540095a53146ae4bc6fa6ddae0b, type: 3}
      propertyPath: m_LocalScale.y
      value: 1.607073
      objectReference: {fileID: 0}
    - target: {fileID: 400000, guid: 13626540095a53146ae4bc6fa6ddae0b, type: 3}
      propertyPath: m_LocalScale.z
      value: 1.607073
      objectReference: {fileID: 0}
    m_RemovedComponents: []
  m_SourcePrefab: {fileID: 100100000, guid: 13626540095a53146ae4bc6fa6ddae0b, type: 3}
--- !u!4 &1674859198739774029 stripped
Transform:
  m_CorrespondingSourceObject: {fileID: 400000, guid: 13626540095a53146ae4bc6fa6ddae0b,
    type: 3}
  m_PrefabInstance: {fileID: 1674859198739636429}
  m_PrefabAsset: {fileID: 0}
