%YAML 1.1
%TAG !u! tag:unity3d.com,2011:
--- !u!1 &687776522827544035
GameObject:
  m_ObjectHideFlags: 0
  m_CorrespondingSourceObject: {fileID: 0}
  m_PrefabInstance: {fileID: 0}
  m_PrefabAsset: {fileID: 0}
  serializedVersion: 6
  m_Component:
  - component: {fileID: 687776522827377091}
  - component: {fileID: 4829159933940996050}
  - component: {fileID: 303131776418592672}
  - component: {fileID: 3287463665090551307}
  m_Layer: 9
  m_Name: gallon milk
  m_TagString: Untagged
  m_Icon: {fileID: 0}
  m_NavMeshLayer: 0
  m_StaticEditorFlags: 0
  m_IsActive: 1
--- !u!4 &687776522827377091
Transform:
  m_ObjectHideFlags: 0
  m_CorrespondingSourceObject: {fileID: 0}
  m_PrefabInstance: {fileID: 0}
  m_PrefabAsset: {fileID: 0}
  m_GameObject: {fileID: 687776522827544035}
  m_LocalRotation: {x: 0, y: 0, z: 0, w: 1}
  m_LocalPosition: {x: 0, y: 0, z: 0}
  m_LocalScale: {x: 0.5, y: 0.5, z: 0.5}
  m_Children:
  - {fileID: 921754127035679409}
  - {fileID: 9134533714547985192}
  m_Father: {fileID: 0}
  m_RootOrder: 0
  m_LocalEulerAnglesHint: {x: 0, y: 0, z: 0}
--- !u!65 &4829159933940996050
BoxCollider:
  m_ObjectHideFlags: 0
  m_CorrespondingSourceObject: {fileID: 0}
  m_PrefabInstance: {fileID: 0}
  m_PrefabAsset: {fileID: 0}
  m_GameObject: {fileID: 687776522827544035}
  m_Material: {fileID: 0}
  m_IsTrigger: 0
  m_Enabled: 1
  serializedVersion: 2
  m_Size: {x: 2.4699838, y: 3.577114, z: 1.9051113}
  m_Center: {x: 0.050954938, y: 1.73, z: 0.050390363}
--- !u!54 &303131776418592672
Rigidbody:
  m_ObjectHideFlags: 0
  m_CorrespondingSourceObject: {fileID: 0}
  m_PrefabInstance: {fileID: 0}
  m_PrefabAsset: {fileID: 0}
  m_GameObject: {fileID: 687776522827544035}
  serializedVersion: 2
  m_Mass: 1
  m_Drag: 0
  m_AngularDrag: 0.05
  m_UseGravity: 0
  m_IsKinematic: 1
  m_Interpolate: 0
  m_Constraints: 0
  m_CollisionDetection: 0
--- !u!114 &3287463665090551307
MonoBehaviour:
  m_ObjectHideFlags: 0
  m_CorrespondingSourceObject: {fileID: 0}
  m_PrefabInstance: {fileID: 0}
  m_PrefabAsset: {fileID: 0}
  m_GameObject: {fileID: 687776522827544035}
  m_Enabled: 1
  m_EditorHideFlags: 0
  m_Script: {fileID: 11500000, guid: 00cdb32c055112849ba987c7947cf138, type: 3}
  m_Name: 
  m_EditorClassIdentifier: 
--- !u!1 &2537368944688030861
GameObject:
  m_ObjectHideFlags: 0
  m_CorrespondingSourceObject: {fileID: 0}
  m_PrefabInstance: {fileID: 0}
  m_PrefabAsset: {fileID: 0}
  serializedVersion: 6
  m_Component:
  - component: {fileID: 921754127035679409}
  - component: {fileID: 2831450527657678248}
  - component: {fileID: 963941949553861839}
  m_Layer: 9
  m_Name: Cube
  m_TagString: Untagged
  m_Icon: {fileID: 0}
  m_NavMeshLayer: 0
  m_StaticEditorFlags: 0
  m_IsActive: 1
--- !u!4 &921754127035679409
Transform:
  m_ObjectHideFlags: 0
  m_CorrespondingSourceObject: {fileID: 0}
  m_PrefabInstance: {fileID: 0}
  m_PrefabAsset: {fileID: 0}
  m_GameObject: {fileID: 2537368944688030861}
  m_LocalRotation: {x: -0.5000004, y: -0.49999958, z: -0.49999976, w: 0.50000024}
  m_LocalPosition: {x: 0, y: 1.42, z: 0}
  m_LocalScale: {x: 100, y: 100.000015, z: 100}
  m_Children: []
  m_Father: {fileID: 687776522827377091}
  m_RootOrder: 0
  m_LocalEulerAnglesHint: {x: -90.00001, y: 0, z: -90.00001}
--- !u!33 &2831450527657678248
MeshFilter:
  m_ObjectHideFlags: 0
  m_CorrespondingSourceObject: {fileID: 0}
  m_PrefabInstance: {fileID: 0}
  m_PrefabAsset: {fileID: 0}
  m_GameObject: {fileID: 2537368944688030861}
  m_Mesh: {fileID: 4300000, guid: d60376bad5c24314bb4505370ffc1f9d, type: 3}
--- !u!23 &963941949553861839
MeshRenderer:
  m_ObjectHideFlags: 0
  m_CorrespondingSourceObject: {fileID: 0}
  m_PrefabInstance: {fileID: 0}
  m_PrefabAsset: {fileID: 0}
  m_GameObject: {fileID: 2537368944688030861}
  m_Enabled: 1
  m_CastShadows: 1
  m_ReceiveShadows: 1
  m_DynamicOccludee: 1
  m_MotionVectors: 1
  m_LightProbeUsage: 1
  m_ReflectionProbeUsage: 1
  m_RayTracingMode: 2
  m_RenderingLayerMask: 1
  m_RendererPriority: 0
  m_Materials:
  - {fileID: 2100000, guid: 03b381e6a06e8fa42a4e85a1bdec5798, type: 2}
  m_StaticBatchInfo:
    firstSubMesh: 0
    subMeshCount: 0
  m_StaticBatchRoot: {fileID: 0}
  m_ProbeAnchor: {fileID: 0}
  m_LightProbeVolumeOverride: {fileID: 0}
  m_ScaleInLightmap: 1
  m_ReceiveGI: 1
  m_PreserveUVs: 0
  m_IgnoreNormalsForChartDetection: 0
  m_ImportantGI: 0
  m_StitchLightmapSeams: 0
  m_SelectedEditorRenderState: 3
  m_MinimumChartSize: 4
  m_AutoUVMaxDistance: 0.5
  m_AutoUVMaxAngle: 89
  m_LightmapParameters: {fileID: 0}
  m_SortingLayerID: 0
  m_SortingLayer: 0
  m_SortingOrder: 0
--- !u!1001 &734726964292031816
PrefabInstance:
  m_ObjectHideFlags: 0
  serializedVersion: 2
  m_Modification:
    m_TransformParent: {fileID: 687776522827377091}
    m_Modifications:
    - target: {fileID: 3683783339447786861, guid: 490c54563dbb16c4a8bcae2f723fe7e4,
        type: 3}
      propertyPath: m_Name
      value: stink
      objectReference: {fileID: 0}
    - target: {fileID: 8427963662545804896, guid: 490c54563dbb16c4a8bcae2f723fe7e4,
        type: 3}
      propertyPath: m_LocalPosition.x
      value: 0
      objectReference: {fileID: 0}
    - target: {fileID: 8427963662545804896, guid: 490c54563dbb16c4a8bcae2f723fe7e4,
        type: 3}
      propertyPath: m_LocalPosition.y
      value: 0
      objectReference: {fileID: 0}
    - target: {fileID: 8427963662545804896, guid: 490c54563dbb16c4a8bcae2f723fe7e4,
        type: 3}
      propertyPath: m_LocalPosition.z
      value: 0
      objectReference: {fileID: 0}
    - target: {fileID: 8427963662545804896, guid: 490c54563dbb16c4a8bcae2f723fe7e4,
        type: 3}
      propertyPath: m_LocalRotation.x
      value: 0
      objectReference: {fileID: 0}
    - target: {fileID: 8427963662545804896, guid: 490c54563dbb16c4a8bcae2f723fe7e4,
        type: 3}
      propertyPath: m_LocalRotation.y
      value: 0
      objectReference: {fileID: 0}
    - target: {fileID: 8427963662545804896, guid: 490c54563dbb16c4a8bcae2f723fe7e4,
        type: 3}
      propertyPath: m_LocalRotation.z
      value: 0
      objectReference: {fileID: 0}
    - target: {fileID: 8427963662545804896, guid: 490c54563dbb16c4a8bcae2f723fe7e4,
        type: 3}
      propertyPath: m_LocalRotation.w
      value: 1
      objectReference: {fileID: 0}
    - target: {fileID: 8427963662545804896, guid: 490c54563dbb16c4a8bcae2f723fe7e4,
        type: 3}
      propertyPath: m_RootOrder
      value: 1
      objectReference: {fileID: 0}
    - target: {fileID: 8427963662545804896, guid: 490c54563dbb16c4a8bcae2f723fe7e4,
        type: 3}
      propertyPath: m_LocalEulerAnglesHint.x
      value: 0
      objectReference: {fileID: 0}
    - target: {fileID: 8427963662545804896, guid: 490c54563dbb16c4a8bcae2f723fe7e4,
        type: 3}
      propertyPath: m_LocalEulerAnglesHint.y
      value: 0
      objectReference: {fileID: 0}
    - target: {fileID: 8427963662545804896, guid: 490c54563dbb16c4a8bcae2f723fe7e4,
        type: 3}
      propertyPath: m_LocalEulerAnglesHint.z
      value: 0
      objectReference: {fileID: 0}
    - target: {fileID: 8427963662545804896, guid: 490c54563dbb16c4a8bcae2f723fe7e4,
        type: 3}
      propertyPath: m_LocalScale.x
      value: 1.4
      objectReference: {fileID: 0}
    - target: {fileID: 8427963662545804896, guid: 490c54563dbb16c4a8bcae2f723fe7e4,
        type: 3}
      propertyPath: m_LocalScale.y
      value: 1.4
      objectReference: {fileID: 0}
    - target: {fileID: 8427963662545804896, guid: 490c54563dbb16c4a8bcae2f723fe7e4,
        type: 3}
      propertyPath: m_LocalScale.z
      value: 1.4
      objectReference: {fileID: 0}
    m_RemovedComponents: []
  m_SourcePrefab: {fileID: 100100000, guid: 490c54563dbb16c4a8bcae2f723fe7e4, type: 3}
--- !u!4 &9134533714547985192 stripped
Transform:
  m_CorrespondingSourceObject: {fileID: 8427963662545804896, guid: 490c54563dbb16c4a8bcae2f723fe7e4,
    type: 3}
  m_PrefabInstance: {fileID: 734726964292031816}
  m_PrefabAsset: {fileID: 0}
