%YAML 1.1
%TAG !u! tag:unity3d.com,2011:
--- !u!1 &6035965263606495161
GameObject:
  m_ObjectHideFlags: 0
  m_CorrespondingSourceObject: {fileID: 0}
  m_PrefabInstance: {fileID: 0}
  m_PrefabAsset: {fileID: 0}
  serializedVersion: 6
  m_Component:
  - component: {fileID: 6035965263606393753}
  - component: {fileID: 8851001025070283383}
  - component: {fileID: -7510514590808944728}
  - component: {fileID: -3957321385221837200}
  m_Layer: 9
  m_Name: icecream_1
  m_TagString: Untagged
  m_Icon: {fileID: 0}
  m_NavMeshLayer: 0
  m_StaticEditorFlags: 0
  m_IsActive: 1
--- !u!4 &6035965263606393753
Transform:
  m_ObjectHideFlags: 0
  m_CorrespondingSourceObject: {fileID: 0}
  m_PrefabInstance: {fileID: 0}
  m_PrefabAsset: {fileID: 0}
  m_GameObject: {fileID: 6035965263606495161}
  m_LocalRotation: {x: 0, y: 0, z: 0, w: 1}
  m_LocalPosition: {x: 0, y: 0, z: 0}
  m_LocalScale: {x: 0.3, y: 0.3, z: 0.3}
  m_Children:
  - {fileID: 3679643034885922710}
  m_Father: {fileID: 0}
  m_RootOrder: 0
  m_LocalEulerAnglesHint: {x: 0, y: 0, z: 0}
--- !u!114 &8851001025070283383
MonoBehaviour:
  m_ObjectHideFlags: 0
  m_CorrespondingSourceObject: {fileID: 0}
  m_PrefabInstance: {fileID: 0}
  m_PrefabAsset: {fileID: 0}
  m_GameObject: {fileID: 6035965263606495161}
  m_Enabled: 1
  m_EditorHideFlags: 0
  m_Script: {fileID: 11500000, guid: e1a167d4f7505094094ebccf693ae2f3, type: 3}
  m_Name: 
  m_EditorClassIdentifier: 
--- !u!65 &-7510514590808944728
BoxCollider:
  m_ObjectHideFlags: 0
  m_CorrespondingSourceObject: {fileID: 0}
  m_PrefabInstance: {fileID: 0}
  m_PrefabAsset: {fileID: 0}
  m_GameObject: {fileID: 6035965263606495161}
  m_Material: {fileID: 0}
  m_IsTrigger: 0
  m_Enabled: 1
  serializedVersion: 2
  m_Size: {x: 2.8064718, y: 5.39, z: 2.856338}
  m_Center: {x: 0.00078986085, y: 2.49, z: 0.12384713}
--- !u!54 &-3957321385221837200
Rigidbody:
  m_ObjectHideFlags: 0
  m_CorrespondingSourceObject: {fileID: 0}
  m_PrefabInstance: {fileID: 0}
  m_PrefabAsset: {fileID: 0}
  m_GameObject: {fileID: 6035965263606495161}
  serializedVersion: 2
  m_Mass: 1
  m_Drag: 0
  m_AngularDrag: 0.05
  m_UseGravity: 0
  m_IsKinematic: 1
  m_Interpolate: 0
  m_Constraints: 0
  m_CollisionDetection: 0
--- !u!1001 &8532635840168604812
PrefabInstance:
  m_ObjectHideFlags: 0
  serializedVersion: 2
  m_Modification:
    m_TransformParent: {fileID: 6035965263606393753}
    m_Modifications:
    - target: {fileID: -4216859302048453862, guid: b07730b69e5b947b5b84b8d3af203893,
        type: 3}
      propertyPath: m_LocalPosition.x
      value: 0
      objectReference: {fileID: 0}
    - target: {fileID: -4216859302048453862, guid: b07730b69e5b947b5b84b8d3af203893,
        type: 3}
      propertyPath: m_LocalPosition.y
      value: 1.02
      objectReference: {fileID: 0}
    - target: {fileID: -4216859302048453862, guid: b07730b69e5b947b5b84b8d3af203893,
        type: 3}
      propertyPath: m_LocalPosition.z
      value: 0
      objectReference: {fileID: 0}
    - target: {fileID: -4216859302048453862, guid: b07730b69e5b947b5b84b8d3af203893,
        type: 3}
      propertyPath: m_LocalRotation.x
      value: -0.7071068
      objectReference: {fileID: 0}
    - target: {fileID: -4216859302048453862, guid: b07730b69e5b947b5b84b8d3af203893,
        type: 3}
      propertyPath: m_LocalRotation.y
      value: 0
      objectReference: {fileID: 0}
    - target: {fileID: -4216859302048453862, guid: b07730b69e5b947b5b84b8d3af203893,
        type: 3}
      propertyPath: m_LocalRotation.z
      value: -0
      objectReference: {fileID: 0}
    - target: {fileID: -4216859302048453862, guid: b07730b69e5b947b5b84b8d3af203893,
        type: 3}
      propertyPath: m_LocalRotation.w
      value: 0.7071067
      objectReference: {fileID: 0}
    - target: {fileID: -4216859302048453862, guid: b07730b69e5b947b5b84b8d3af203893,
        type: 3}
      propertyPath: m_RootOrder
      value: 0
      objectReference: {fileID: 0}
    - target: {fileID: -4216859302048453862, guid: b07730b69e5b947b5b84b8d3af203893,
        type: 3}
      propertyPath: m_LocalEulerAnglesHint.x
      value: 0
      objectReference: {fileID: 0}
    - target: {fileID: -4216859302048453862, guid: b07730b69e5b947b5b84b8d3af203893,
        type: 3}
      propertyPath: m_LocalEulerAnglesHint.y
      value: 0
      objectReference: {fileID: 0}
    - target: {fileID: -4216859302048453862, guid: b07730b69e5b947b5b84b8d3af203893,
        type: 3}
      propertyPath: m_LocalEulerAnglesHint.z
      value: 0
      objectReference: {fileID: 0}
    - target: {fileID: -4216859302048453862, guid: b07730b69e5b947b5b84b8d3af203893,
        type: 3}
      propertyPath: m_LocalScale.x
      value: 430.3011
      objectReference: {fileID: 0}
    - target: {fileID: -4216859302048453862, guid: b07730b69e5b947b5b84b8d3af203893,
        type: 3}
      propertyPath: m_LocalScale.y
      value: 430.3011
      objectReference: {fileID: 0}
    - target: {fileID: -4216859302048453862, guid: b07730b69e5b947b5b84b8d3af203893,
        type: 3}
      propertyPath: m_LocalScale.z
      value: 430.3011
      objectReference: {fileID: 0}
    - target: {fileID: -1504981713932161579, guid: b07730b69e5b947b5b84b8d3af203893,
        type: 3}
      propertyPath: m_Materials.Array.data[1]
      value: 
      objectReference: {fileID: 2100000, guid: 4745c763dfee1db498920cbe4c047d4b, type: 2}
    - target: {fileID: -1504981713932161579, guid: b07730b69e5b947b5b84b8d3af203893,
        type: 3}
      propertyPath: m_Materials.Array.data[2]
      value: 
      objectReference: {fileID: 2100000, guid: 5e69ec409fe53224bbdf22840599e97b, type: 2}
    - target: {fileID: -1504981713932161579, guid: b07730b69e5b947b5b84b8d3af203893,
        type: 3}
      propertyPath: m_Materials.Array.data[0]
      value: 
      objectReference: {fileID: 2100000, guid: 8af2d107ce5baa74ca9827033d63255f, type: 2}
    - target: {fileID: -927199367670048503, guid: b07730b69e5b947b5b84b8d3af203893,
        type: 3}
      propertyPath: m_Name
      value: IceCream_1
      objectReference: {fileID: 0}
    - target: {fileID: -927199367670048503, guid: b07730b69e5b947b5b84b8d3af203893,
        type: 3}
      propertyPath: m_Layer
      value: 9
      objectReference: {fileID: 0}
    m_RemovedComponents: []
  m_SourcePrefab: {fileID: 100100000, guid: b07730b69e5b947b5b84b8d3af203893, type: 3}
--- !u!4 &3679643034885922710 stripped
Transform:
  m_CorrespondingSourceObject: {fileID: -4216859302048453862, guid: b07730b69e5b947b5b84b8d3af203893,
    type: 3}
  m_PrefabInstance: {fileID: 8532635840168604812}
  m_PrefabAsset: {fileID: 0}
