%YAML 1.1
%TAG !u! tag:unity3d.com,2011:
--- !u!1 &6035965263606495161
GameObject:
  m_ObjectHideFlags: 0
  m_CorrespondingSourceObject: {fileID: 0}
  m_PrefabInstance: {fileID: 0}
  m_PrefabAsset: {fileID: 0}
  serializedVersion: 6
  m_Component:
  - component: {fileID: 6035965263606393753}
  - component: {fileID: -3389068500870473026}
  - component: {fileID: 7229408087884284875}
  - component: {fileID: 3310103523468996387}
  m_Layer: 9
  m_Name: PeanutButter
  m_TagString: Untagged
  m_Icon: {fileID: 0}
  m_NavMeshLayer: 0
  m_StaticEditorFlags: 0
  m_IsActive: 1
--- !u!4 &6035965263606393753
Transform:
  m_ObjectHideFlags: 0
  m_CorrespondingSourceObject: {fileID: 0}
  m_PrefabInstance: {fileID: 0}
  m_PrefabAsset: {fileID: 0}
  m_GameObject: {fileID: 6035965263606495161}
  m_LocalRotation: {x: 0, y: 0, z: 0, w: 1}
  m_LocalPosition: {x: 0, y: 0, z: 0}
  m_LocalScale: {x: 0.3, y: 0.3, z: 0.3}
  m_Children:
  - {fileID: 4945181260136831082}
  m_Father: {fileID: 0}
  m_RootOrder: 0
  m_LocalEulerAnglesHint: {x: 0, y: 0, z: 0}
--- !u!114 &-3389068500870473026
MonoBehaviour:
  m_ObjectHideFlags: 0
  m_CorrespondingSourceObject: {fileID: 0}
  m_PrefabInstance: {fileID: 0}
  m_PrefabAsset: {fileID: 0}
  m_GameObject: {fileID: 6035965263606495161}
  m_Enabled: 1
  m_EditorHideFlags: 0
  m_Script: {fileID: 11500000, guid: e1a167d4f7505094094ebccf693ae2f3, type: 3}
  m_Name: 
  m_EditorClassIdentifier: 
--- !u!65 &7229408087884284875
BoxCollider:
  m_ObjectHideFlags: 0
  m_CorrespondingSourceObject: {fileID: 0}
  m_PrefabInstance: {fileID: 0}
  m_PrefabAsset: {fileID: 0}
  m_GameObject: {fileID: 6035965263606495161}
  m_Material: {fileID: 0}
  m_IsTrigger: 0
  m_Enabled: 1
  serializedVersion: 2
  m_Size: {x: 2.981055, y: 4.1347136, z: 2.6539567}
  m_Center: {x: 0.005305906, y: 2.24, z: 0.106661215}
--- !u!54 &3310103523468996387
Rigidbody:
  m_ObjectHideFlags: 0
  m_CorrespondingSourceObject: {fileID: 0}
  m_PrefabInstance: {fileID: 0}
  m_PrefabAsset: {fileID: 0}
  m_GameObject: {fileID: 6035965263606495161}
  serializedVersion: 2
  m_Mass: 1
  m_Drag: 0
  m_AngularDrag: 0.05
  m_UseGravity: 0
  m_IsKinematic: 1
  m_Interpolate: 0
  m_Constraints: 0
  m_CollisionDetection: 0
--- !u!1001 &133530092088750960
PrefabInstance:
  m_ObjectHideFlags: 0
  serializedVersion: 2
  m_Modification:
    m_TransformParent: {fileID: 6035965263606393753}
    m_Modifications:
    - target: {fileID: -4216859302048453862, guid: f5a481498a25342c18dec1f10ab0af3f,
        type: 3}
      propertyPath: m_LocalPosition.x
      value: 0.011816
      objectReference: {fileID: 0}
    - target: {fileID: -4216859302048453862, guid: f5a481498a25342c18dec1f10ab0af3f,
        type: 3}
      propertyPath: m_LocalPosition.y
      value: 0.12
      objectReference: {fileID: 0}
    - target: {fileID: -4216859302048453862, guid: f5a481498a25342c18dec1f10ab0af3f,
        type: 3}
      propertyPath: m_LocalPosition.z
      value: -0.0038636
      objectReference: {fileID: 0}
    - target: {fileID: -4216859302048453862, guid: f5a481498a25342c18dec1f10ab0af3f,
        type: 3}
      propertyPath: m_LocalRotation.x
      value: -0.7071068
      objectReference: {fileID: 0}
    - target: {fileID: -4216859302048453862, guid: f5a481498a25342c18dec1f10ab0af3f,
        type: 3}
      propertyPath: m_LocalRotation.y
      value: 0
      objectReference: {fileID: 0}
    - target: {fileID: -4216859302048453862, guid: f5a481498a25342c18dec1f10ab0af3f,
        type: 3}
      propertyPath: m_LocalRotation.z
      value: -0
      objectReference: {fileID: 0}
    - target: {fileID: -4216859302048453862, guid: f5a481498a25342c18dec1f10ab0af3f,
        type: 3}
      propertyPath: m_LocalRotation.w
      value: 0.7071067
      objectReference: {fileID: 0}
    - target: {fileID: -4216859302048453862, guid: f5a481498a25342c18dec1f10ab0af3f,
        type: 3}
      propertyPath: m_RootOrder
      value: 0
      objectReference: {fileID: 0}
    - target: {fileID: -4216859302048453862, guid: f5a481498a25342c18dec1f10ab0af3f,
        type: 3}
      propertyPath: m_LocalEulerAnglesHint.x
      value: 0
      objectReference: {fileID: 0}
    - target: {fileID: -4216859302048453862, guid: f5a481498a25342c18dec1f10ab0af3f,
        type: 3}
      propertyPath: m_LocalEulerAnglesHint.y
      value: 0
      objectReference: {fileID: 0}
    - target: {fileID: -4216859302048453862, guid: f5a481498a25342c18dec1f10ab0af3f,
        type: 3}
      propertyPath: m_LocalEulerAnglesHint.z
      value: 0
      objectReference: {fileID: 0}
    - target: {fileID: -4216859302048453862, guid: f5a481498a25342c18dec1f10ab0af3f,
        type: 3}
      propertyPath: m_LocalScale.x
      value: 572.89606
      objectReference: {fileID: 0}
    - target: {fileID: -4216859302048453862, guid: f5a481498a25342c18dec1f10ab0af3f,
        type: 3}
      propertyPath: m_LocalScale.y
      value: 572.89606
      objectReference: {fileID: 0}
    - target: {fileID: -4216859302048453862, guid: f5a481498a25342c18dec1f10ab0af3f,
        type: 3}
      propertyPath: m_LocalScale.z
      value: 572.89606
      objectReference: {fileID: 0}
    - target: {fileID: -1504981713932161579, guid: f5a481498a25342c18dec1f10ab0af3f,
        type: 3}
      propertyPath: m_Materials.Array.data[0]
      value: 
      objectReference: {fileID: 2100000, guid: 011eef111c98c504f9c3e3d18d9d4e5f, type: 2}
    - target: {fileID: -1504981713932161579, guid: f5a481498a25342c18dec1f10ab0af3f,
        type: 3}
      propertyPath: m_Materials.Array.data[1]
      value: 
      objectReference: {fileID: 2100000, guid: 5e2a2965a38792d41b9d7a55ac073d16, type: 2}
    - target: {fileID: -1504981713932161579, guid: f5a481498a25342c18dec1f10ab0af3f,
        type: 3}
      propertyPath: m_Materials.Array.data[2]
      value: 
      objectReference: {fileID: 2100000, guid: f28907848f2a5294ba41958a654e9ea0, type: 2}
    - target: {fileID: -927199367670048503, guid: f5a481498a25342c18dec1f10ab0af3f,
        type: 3}
      propertyPath: m_Name
      value: PeanutButter_2
      objectReference: {fileID: 0}
    - target: {fileID: -927199367670048503, guid: f5a481498a25342c18dec1f10ab0af3f,
        type: 3}
      propertyPath: m_Layer
      value: 9
      objectReference: {fileID: 0}
    m_RemovedComponents: []
  m_SourcePrefab: {fileID: 100100000, guid: f5a481498a25342c18dec1f10ab0af3f, type: 3}
--- !u!4 &4945181260136831082 stripped
Transform:
  m_CorrespondingSourceObject: {fileID: -4216859302048453862, guid: f5a481498a25342c18dec1f10ab0af3f,
    type: 3}
  m_PrefabInstance: {fileID: 133530092088750960}
  m_PrefabAsset: {fileID: 0}
