%YAML 1.1
%TAG !u! tag:unity3d.com,2011:
--- !u!1 &6035965263606495161
GameObject:
  m_ObjectHideFlags: 0
  m_CorrespondingSourceObject: {fileID: 0}
  m_PrefabInstance: {fileID: 0}
  m_PrefabAsset: {fileID: 0}
  serializedVersion: 6
  m_Component:
  - component: {fileID: 6035965263606393753}
  - component: {fileID: -7150178315405782576}
  - component: {fileID: 801917286642932729}
  - component: {fileID: 4390196558695170993}
  m_Layer: 9
  m_Name: Popsicle_chocolate
  m_TagString: Untagged
  m_Icon: {fileID: 0}
  m_NavMeshLayer: 0
  m_StaticEditorFlags: 0
  m_IsActive: 1
--- !u!4 &6035965263606393753
Transform:
  m_ObjectHideFlags: 0
  m_CorrespondingSourceObject: {fileID: 0}
  m_PrefabInstance: {fileID: 0}
  m_PrefabAsset: {fileID: 0}
  m_GameObject: {fileID: 6035965263606495161}
  m_LocalRotation: {x: 0, y: 0, z: 0, w: 1}
  m_LocalPosition: {x: 0, y: 0, z: 0}
  m_LocalScale: {x: 0.3, y: 0.3, z: 0.3}
  m_Children:
  - {fileID: 9047559710514629172}
  m_Father: {fileID: 0}
  m_RootOrder: 0
  m_LocalEulerAnglesHint: {x: 0, y: 0, z: 0}
--- !u!114 &-7150178315405782576
MonoBehaviour:
  m_ObjectHideFlags: 0
  m_CorrespondingSourceObject: {fileID: 0}
  m_PrefabInstance: {fileID: 0}
  m_PrefabAsset: {fileID: 0}
  m_GameObject: {fileID: 6035965263606495161}
  m_Enabled: 1
  m_EditorHideFlags: 0
  m_Script: {fileID: 11500000, guid: e1a167d4f7505094094ebccf693ae2f3, type: 3}
  m_Name: 
  m_EditorClassIdentifier: 
--- !u!65 &801917286642932729
BoxCollider:
  m_ObjectHideFlags: 0
  m_CorrespondingSourceObject: {fileID: 0}
  m_PrefabInstance: {fileID: 0}
  m_PrefabAsset: {fileID: 0}
  m_GameObject: {fileID: 6035965263606495161}
  m_Material: {fileID: 0}
  m_IsTrigger: 0
  m_Enabled: 1
  serializedVersion: 2
  m_Size: {x: 5.3462667, y: 0.75960493, z: 1.7586815}
  m_Center: {x: 0.16834477, y: 0.28, z: 0.063300826}
--- !u!54 &4390196558695170993
Rigidbody:
  m_ObjectHideFlags: 0
  m_CorrespondingSourceObject: {fileID: 0}
  m_PrefabInstance: {fileID: 0}
  m_PrefabAsset: {fileID: 0}
  m_GameObject: {fileID: 6035965263606495161}
  serializedVersion: 2
  m_Mass: 1
  m_Drag: 0
  m_AngularDrag: 0.05
  m_UseGravity: 0
  m_IsKinematic: 1
  m_Interpolate: 0
  m_Constraints: 0
  m_CollisionDetection: 0
--- !u!1001 &4104423375706120494
PrefabInstance:
  m_ObjectHideFlags: 0
  serializedVersion: 2
  m_Modification:
    m_TransformParent: {fileID: 6035965263606393753}
    m_Modifications:
    - target: {fileID: -4216859302048453862, guid: 16b85b7a6a8cb484d9848e6023205083,
        type: 3}
      propertyPath: m_LocalPosition.x
      value: -1.17
      objectReference: {fileID: 0}
    - target: {fileID: -4216859302048453862, guid: 16b85b7a6a8cb484d9848e6023205083,
        type: 3}
      propertyPath: m_LocalPosition.y
      value: 0.32
      objectReference: {fileID: 0}
    - target: {fileID: -4216859302048453862, guid: 16b85b7a6a8cb484d9848e6023205083,
        type: 3}
      propertyPath: m_LocalPosition.z
      value: -0
      objectReference: {fileID: 0}
    - target: {fileID: -4216859302048453862, guid: 16b85b7a6a8cb484d9848e6023205083,
        type: 3}
      propertyPath: m_LocalRotation.x
      value: -0.00000040433585
      objectReference: {fileID: 0}
    - target: {fileID: -4216859302048453862, guid: 16b85b7a6a8cb484d9848e6023205083,
        type: 3}
      propertyPath: m_LocalRotation.y
      value: 0.7071068
      objectReference: {fileID: 0}
    - target: {fileID: -4216859302048453862, guid: 16b85b7a6a8cb484d9848e6023205083,
        type: 3}
      propertyPath: m_LocalRotation.z
      value: 0.00000022151282
      objectReference: {fileID: 0}
    - target: {fileID: -4216859302048453862, guid: 16b85b7a6a8cb484d9848e6023205083,
        type: 3}
      propertyPath: m_LocalRotation.w
      value: 0.70710677
      objectReference: {fileID: 0}
    - target: {fileID: -4216859302048453862, guid: 16b85b7a6a8cb484d9848e6023205083,
        type: 3}
      propertyPath: m_RootOrder
      value: 0
      objectReference: {fileID: 0}
    - target: {fileID: -4216859302048453862, guid: 16b85b7a6a8cb484d9848e6023205083,
        type: 3}
      propertyPath: m_LocalEulerAnglesHint.x
      value: -180
      objectReference: {fileID: 0}
    - target: {fileID: -4216859302048453862, guid: 16b85b7a6a8cb484d9848e6023205083,
        type: 3}
      propertyPath: m_LocalEulerAnglesHint.y
      value: -90
      objectReference: {fileID: 0}
    - target: {fileID: -4216859302048453862, guid: 16b85b7a6a8cb484d9848e6023205083,
        type: 3}
      propertyPath: m_LocalEulerAnglesHint.z
      value: 180
      objectReference: {fileID: 0}
    - target: {fileID: -4216859302048453862, guid: 16b85b7a6a8cb484d9848e6023205083,
        type: 3}
      propertyPath: m_LocalScale.x
      value: 541.02997
      objectReference: {fileID: 0}
    - target: {fileID: -4216859302048453862, guid: 16b85b7a6a8cb484d9848e6023205083,
        type: 3}
      propertyPath: m_LocalScale.y
      value: 541.02997
      objectReference: {fileID: 0}
    - target: {fileID: -4216859302048453862, guid: 16b85b7a6a8cb484d9848e6023205083,
        type: 3}
      propertyPath: m_LocalScale.z
      value: 541.02997
      objectReference: {fileID: 0}
    - target: {fileID: -1504981713932161579, guid: 16b85b7a6a8cb484d9848e6023205083,
        type: 3}
      propertyPath: m_Materials.Array.data[1]
      value: 
      objectReference: {fileID: 2100000, guid: 3698c0ebdf8f4bc4cbe21bf326764d9c, type: 2}
    - target: {fileID: -1504981713932161579, guid: 16b85b7a6a8cb484d9848e6023205083,
        type: 3}
      propertyPath: m_Materials.Array.data[0]
      value: 
      objectReference: {fileID: 2100000, guid: 0d3b2213cd2a7044fa42fefa465d48b9, type: 2}
    - target: {fileID: -927199367670048503, guid: 16b85b7a6a8cb484d9848e6023205083,
        type: 3}
      propertyPath: m_Name
      value: Popsicle_Chocolate
      objectReference: {fileID: 0}
    - target: {fileID: -927199367670048503, guid: 16b85b7a6a8cb484d9848e6023205083,
        type: 3}
      propertyPath: m_IsActive
      value: 1
      objectReference: {fileID: 0}
    - target: {fileID: -927199367670048503, guid: 16b85b7a6a8cb484d9848e6023205083,
        type: 3}
      propertyPath: m_Layer
      value: 9
      objectReference: {fileID: 0}
    m_RemovedComponents: []
  m_SourcePrefab: {fileID: 100100000, guid: 16b85b7a6a8cb484d9848e6023205083, type: 3}
--- !u!4 &9047559710514629172 stripped
Transform:
  m_CorrespondingSourceObject: {fileID: -4216859302048453862, guid: 16b85b7a6a8cb484d9848e6023205083,
    type: 3}
  m_PrefabInstance: {fileID: 4104423375706120494}
  m_PrefabAsset: {fileID: 0}
