%YAML 1.1
%TAG !u! tag:unity3d.com,2011:
--- !u!1 &6035965263606495161
GameObject:
  m_ObjectHideFlags: 0
  m_CorrespondingSourceObject: {fileID: 0}
  m_PrefabInstance: {fileID: 0}
  m_PrefabAsset: {fileID: 0}
  serializedVersion: 6
  m_Component:
  - component: {fileID: 6035965263606393753}
  - component: {fileID: 323931718387687508}
  - component: {fileID: -5118390030368852050}
  - component: {fileID: 6526099961366314651}
  m_Layer: 9
  m_Name: Popsicle_bublegum
  m_TagString: Untagged
  m_Icon: {fileID: 0}
  m_NavMeshLayer: 0
  m_StaticEditorFlags: 0
  m_IsActive: 1
--- !u!4 &6035965263606393753
Transform:
  m_ObjectHideFlags: 0
  m_CorrespondingSourceObject: {fileID: 0}
  m_PrefabInstance: {fileID: 0}
  m_PrefabAsset: {fileID: 0}
  m_GameObject: {fileID: 6035965263606495161}
  m_LocalRotation: {x: 0, y: 0, z: 0, w: 1}
  m_LocalPosition: {x: 0, y: 0, z: 0}
  m_LocalScale: {x: 0.3, y: 0.3, z: 0.3}
  m_Children:
  - {fileID: 7830915207882793716}
  m_Father: {fileID: 0}
  m_RootOrder: 0
  m_LocalEulerAnglesHint: {x: 0, y: 0, z: 0}
--- !u!114 &323931718387687508
MonoBehaviour:
  m_ObjectHideFlags: 0
  m_CorrespondingSourceObject: {fileID: 0}
  m_PrefabInstance: {fileID: 0}
  m_PrefabAsset: {fileID: 0}
  m_GameObject: {fileID: 6035965263606495161}
  m_Enabled: 1
  m_EditorHideFlags: 0
  m_Script: {fileID: 11500000, guid: e1a167d4f7505094094ebccf693ae2f3, type: 3}
  m_Name: 
  m_EditorClassIdentifier: 
--- !u!65 &-5118390030368852050
BoxCollider:
  m_ObjectHideFlags: 0
  m_CorrespondingSourceObject: {fileID: 0}
  m_PrefabInstance: {fileID: 0}
  m_PrefabAsset: {fileID: 0}
  m_GameObject: {fileID: 6035965263606495161}
  m_Material: {fileID: 0}
  m_IsTrigger: 0
  m_Enabled: 1
  serializedVersion: 2
  m_Size: {x: 5.3598146, y: 0.6143087, z: 1.7464341}
  m_Center: {x: 0.0809292, y: 0.36, z: -0.036871333}
--- !u!54 &6526099961366314651
Rigidbody:
  m_ObjectHideFlags: 0
  m_CorrespondingSourceObject: {fileID: 0}
  m_PrefabInstance: {fileID: 0}
  m_PrefabAsset: {fileID: 0}
  m_GameObject: {fileID: 6035965263606495161}
  serializedVersion: 2
  m_Mass: 1
  m_Drag: 0
  m_AngularDrag: 0.05
  m_UseGravity: 0
  m_IsKinematic: 1
  m_Interpolate: 0
  m_Constraints: 0
  m_CollisionDetection: 0
--- !u!1001 &3014679647579752942
PrefabInstance:
  m_ObjectHideFlags: 0
  serializedVersion: 2
  m_Modification:
    m_TransformParent: {fileID: 6035965263606393753}
    m_Modifications:
    - target: {fileID: -4216859302048453862, guid: bc6d3b79f3c464c2c9084f64e09398ed,
        type: 3}
      propertyPath: m_LocalPosition.x
      value: -1.13
      objectReference: {fileID: 0}
    - target: {fileID: -4216859302048453862, guid: bc6d3b79f3c464c2c9084f64e09398ed,
        type: 3}
      propertyPath: m_LocalPosition.y
      value: 0.32
      objectReference: {fileID: 0}
    - target: {fileID: -4216859302048453862, guid: bc6d3b79f3c464c2c9084f64e09398ed,
        type: 3}
      propertyPath: m_LocalPosition.z
      value: -0
      objectReference: {fileID: 0}
    - target: {fileID: -4216859302048453862, guid: bc6d3b79f3c464c2c9084f64e09398ed,
        type: 3}
      propertyPath: m_LocalRotation.x
      value: -0.00000040433585
      objectReference: {fileID: 0}
    - target: {fileID: -4216859302048453862, guid: bc6d3b79f3c464c2c9084f64e09398ed,
        type: 3}
      propertyPath: m_LocalRotation.y
      value: 0.7071068
      objectReference: {fileID: 0}
    - target: {fileID: -4216859302048453862, guid: bc6d3b79f3c464c2c9084f64e09398ed,
        type: 3}
      propertyPath: m_LocalRotation.z
      value: 0.00000022151282
      objectReference: {fileID: 0}
    - target: {fileID: -4216859302048453862, guid: bc6d3b79f3c464c2c9084f64e09398ed,
        type: 3}
      propertyPath: m_LocalRotation.w
      value: 0.70710677
      objectReference: {fileID: 0}
    - target: {fileID: -4216859302048453862, guid: bc6d3b79f3c464c2c9084f64e09398ed,
        type: 3}
      propertyPath: m_RootOrder
      value: 0
      objectReference: {fileID: 0}
    - target: {fileID: -4216859302048453862, guid: bc6d3b79f3c464c2c9084f64e09398ed,
        type: 3}
      propertyPath: m_LocalEulerAnglesHint.x
      value: -180
      objectReference: {fileID: 0}
    - target: {fileID: -4216859302048453862, guid: bc6d3b79f3c464c2c9084f64e09398ed,
        type: 3}
      propertyPath: m_LocalEulerAnglesHint.y
      value: -90
      objectReference: {fileID: 0}
    - target: {fileID: -4216859302048453862, guid: bc6d3b79f3c464c2c9084f64e09398ed,
        type: 3}
      propertyPath: m_LocalEulerAnglesHint.z
      value: 180
      objectReference: {fileID: 0}
    - target: {fileID: -4216859302048453862, guid: bc6d3b79f3c464c2c9084f64e09398ed,
        type: 3}
      propertyPath: m_LocalScale.x
      value: 541.02997
      objectReference: {fileID: 0}
    - target: {fileID: -4216859302048453862, guid: bc6d3b79f3c464c2c9084f64e09398ed,
        type: 3}
      propertyPath: m_LocalScale.y
      value: 541.02997
      objectReference: {fileID: 0}
    - target: {fileID: -4216859302048453862, guid: bc6d3b79f3c464c2c9084f64e09398ed,
        type: 3}
      propertyPath: m_LocalScale.z
      value: 541.02997
      objectReference: {fileID: 0}
    - target: {fileID: -1504981713932161579, guid: bc6d3b79f3c464c2c9084f64e09398ed,
        type: 3}
      propertyPath: m_Materials.Array.data[1]
      value: 
      objectReference: {fileID: 2100000, guid: 5a703b9f8eeba914a9bc204dc5bea886, type: 2}
    - target: {fileID: -1504981713932161579, guid: bc6d3b79f3c464c2c9084f64e09398ed,
        type: 3}
      propertyPath: m_Materials.Array.data[2]
      value: 
      objectReference: {fileID: 2100000, guid: 2aad5d8a1421f2e4084515a28476cbd1, type: 2}
    - target: {fileID: -1504981713932161579, guid: bc6d3b79f3c464c2c9084f64e09398ed,
        type: 3}
      propertyPath: m_Materials.Array.data[3]
      value: 
      objectReference: {fileID: 2100000, guid: 2a5e14f88ac2c4f5f9c5c6694759de64, type: 2}
    - target: {fileID: -1504981713932161579, guid: bc6d3b79f3c464c2c9084f64e09398ed,
        type: 3}
      propertyPath: m_Materials.Array.data[0]
      value: 
      objectReference: {fileID: 2100000, guid: 30dd201b1d1a50d438817dceac3e6584, type: 2}
    - target: {fileID: -927199367670048503, guid: bc6d3b79f3c464c2c9084f64e09398ed,
        type: 3}
      propertyPath: m_Name
      value: Popsicle_Multiple
      objectReference: {fileID: 0}
    - target: {fileID: -927199367670048503, guid: bc6d3b79f3c464c2c9084f64e09398ed,
        type: 3}
      propertyPath: m_Layer
      value: 9
      objectReference: {fileID: 0}
    m_RemovedComponents: []
  m_SourcePrefab: {fileID: 100100000, guid: bc6d3b79f3c464c2c9084f64e09398ed, type: 3}
--- !u!4 &7830915207882793716 stripped
Transform:
  m_CorrespondingSourceObject: {fileID: -4216859302048453862, guid: bc6d3b79f3c464c2c9084f64e09398ed,
    type: 3}
  m_PrefabInstance: {fileID: 3014679647579752942}
  m_PrefabAsset: {fileID: 0}
