%YAML 1.1
%TAG !u! tag:unity3d.com,2011:
--- !u!1 &1409545473436764929
GameObject:
  m_ObjectHideFlags: 0
  m_CorrespondingSourceObject: {fileID: 0}
  m_PrefabInstance: {fileID: 0}
  m_PrefabAsset: {fileID: 0}
  serializedVersion: 6
  m_Component:
  - component: {fileID: 4421963317218868371}
  - component: {fileID: -8991710131360824247}
  - component: {fileID: 7584603005319799419}
  - component: {fileID: 6933795019199603742}
  m_Layer: 9
  m_Name: Smiley milk
  m_TagString: Untagged
  m_Icon: {fileID: 0}
  m_NavMeshLayer: 0
  m_StaticEditorFlags: 0
  m_IsActive: 1
--- !u!4 &4421963317218868371
Transform:
  m_ObjectHideFlags: 0
  m_CorrespondingSourceObject: {fileID: 0}
  m_PrefabInstance: {fileID: 0}
  m_PrefabAsset: {fileID: 0}
  m_GameObject: {fileID: 1409545473436764929}
  m_LocalRotation: {x: 0, y: 0, z: 0, w: 1}
  m_LocalPosition: {x: 0, y: 0, z: 0}
  m_LocalScale: {x: 0.3, y: 0.3, z: 0.3}
  m_Children:
  - {fileID: 8542793708096906853}
  - {fileID: 3187051960674104891}
  m_Father: {fileID: 0}
  m_RootOrder: 0
  m_LocalEulerAnglesHint: {x: 0, y: 0, z: 0}
--- !u!65 &-8991710131360824247
BoxCollider:
  m_ObjectHideFlags: 0
  m_CorrespondingSourceObject: {fileID: 0}
  m_PrefabInstance: {fileID: 0}
  m_PrefabAsset: {fileID: 0}
  m_GameObject: {fileID: 1409545473436764929}
  m_Material: {fileID: 0}
  m_IsTrigger: 0
  m_Enabled: 1
  serializedVersion: 2
  m_Size: {x: 4.114845, y: 2.19, z: 2.21}
  m_Center: {x: -0.09441882, y: 1.04, z: 0}
--- !u!54 &7584603005319799419
Rigidbody:
  m_ObjectHideFlags: 0
  m_CorrespondingSourceObject: {fileID: 0}
  m_PrefabInstance: {fileID: 0}
  m_PrefabAsset: {fileID: 0}
  m_GameObject: {fileID: 1409545473436764929}
  serializedVersion: 2
  m_Mass: 1
  m_Drag: 0
  m_AngularDrag: 0.05
  m_UseGravity: 0
  m_IsKinematic: 1
  m_Interpolate: 0
  m_Constraints: 0
  m_CollisionDetection: 0
--- !u!114 &6933795019199603742
MonoBehaviour:
  m_ObjectHideFlags: 0
  m_CorrespondingSourceObject: {fileID: 0}
  m_PrefabInstance: {fileID: 0}
  m_PrefabAsset: {fileID: 0}
  m_GameObject: {fileID: 1409545473436764929}
  m_Enabled: 1
  m_EditorHideFlags: 0
  m_Script: {fileID: 11500000, guid: 00cdb32c055112849ba987c7947cf138, type: 3}
  m_Name: 
  m_EditorClassIdentifier: 
--- !u!1 &2084263066679929565
GameObject:
  m_ObjectHideFlags: 0
  m_CorrespondingSourceObject: {fileID: 0}
  m_PrefabInstance: {fileID: 0}
  m_PrefabAsset: {fileID: 0}
  serializedVersion: 6
  m_Component:
  - component: {fileID: 8542793708096906853}
  - component: {fileID: 5929336569500212775}
  - component: {fileID: 7786635875113094712}
  m_Layer: 9
  m_Name: Cube
  m_TagString: Untagged
  m_Icon: {fileID: 0}
  m_NavMeshLayer: 0
  m_StaticEditorFlags: 0
  m_IsActive: 1
--- !u!4 &8542793708096906853
Transform:
  m_ObjectHideFlags: 0
  m_CorrespondingSourceObject: {fileID: 0}
  m_PrefabInstance: {fileID: 0}
  m_PrefabAsset: {fileID: 0}
  m_GameObject: {fileID: 2084263066679929565}
  m_LocalRotation: {x: -0.70710677, y: 0.000000025838807, z: -0.7071068, w: -0.00000005611757}
  m_LocalPosition: {x: -0.41, y: 0.06, z: -0.94}
  m_LocalScale: {x: 100, y: 100, z: 88.06503}
  m_Children: []
  m_Father: {fileID: 4421963317218868371}
  m_RootOrder: 0
  m_LocalEulerAnglesHint: {x: -180, y: -90, z: 0}
--- !u!33 &5929336569500212775
MeshFilter:
  m_ObjectHideFlags: 0
  m_CorrespondingSourceObject: {fileID: 0}
  m_PrefabInstance: {fileID: 0}
  m_PrefabAsset: {fileID: 0}
  m_GameObject: {fileID: 2084263066679929565}
  m_Mesh: {fileID: 4300000, guid: 24fd822f633c445afa9ae6a683a1e6bf, type: 3}
--- !u!23 &7786635875113094712
MeshRenderer:
  m_ObjectHideFlags: 0
  m_CorrespondingSourceObject: {fileID: 0}
  m_PrefabInstance: {fileID: 0}
  m_PrefabAsset: {fileID: 0}
  m_GameObject: {fileID: 2084263066679929565}
  m_Enabled: 1
  m_CastShadows: 1
  m_ReceiveShadows: 1
  m_DynamicOccludee: 1
  m_MotionVectors: 1
  m_LightProbeUsage: 1
  m_ReflectionProbeUsage: 1
  m_RayTracingMode: 2
  m_RenderingLayerMask: 1
  m_RendererPriority: 0
  m_Materials:
  - {fileID: 2100000, guid: 6110c9c69b6484c32894806864f37651, type: 2}
  m_StaticBatchInfo:
    firstSubMesh: 0
    subMeshCount: 0
  m_StaticBatchRoot: {fileID: 0}
  m_ProbeAnchor: {fileID: 0}
  m_LightProbeVolumeOverride: {fileID: 0}
  m_ScaleInLightmap: 1
  m_ReceiveGI: 1
  m_PreserveUVs: 0
  m_IgnoreNormalsForChartDetection: 0
  m_ImportantGI: 0
  m_StitchLightmapSeams: 0
  m_SelectedEditorRenderState: 3
  m_MinimumChartSize: 4
  m_AutoUVMaxDistance: 0.5
  m_AutoUVMaxAngle: 89
  m_LightmapParameters: {fileID: 0}
  m_SortingLayerID: 0
  m_SortingLayer: 0
  m_SortingOrder: 0
--- !u!1001 &6398641536183068763
PrefabInstance:
  m_ObjectHideFlags: 0
  serializedVersion: 2
  m_Modification:
    m_TransformParent: {fileID: 4421963317218868371}
    m_Modifications:
    - target: {fileID: 3683783339447786861, guid: 490c54563dbb16c4a8bcae2f723fe7e4,
        type: 3}
      propertyPath: m_Name
      value: stink
      objectReference: {fileID: 0}
    - target: {fileID: 8427963662545804896, guid: 490c54563dbb16c4a8bcae2f723fe7e4,
        type: 3}
      propertyPath: m_LocalPosition.x
      value: 0
      objectReference: {fileID: 0}
    - target: {fileID: 8427963662545804896, guid: 490c54563dbb16c4a8bcae2f723fe7e4,
        type: 3}
      propertyPath: m_LocalPosition.y
      value: 0
      objectReference: {fileID: 0}
    - target: {fileID: 8427963662545804896, guid: 490c54563dbb16c4a8bcae2f723fe7e4,
        type: 3}
      propertyPath: m_LocalPosition.z
      value: 0
      objectReference: {fileID: 0}
    - target: {fileID: 8427963662545804896, guid: 490c54563dbb16c4a8bcae2f723fe7e4,
        type: 3}
      propertyPath: m_LocalRotation.x
      value: 0
      objectReference: {fileID: 0}
    - target: {fileID: 8427963662545804896, guid: 490c54563dbb16c4a8bcae2f723fe7e4,
        type: 3}
      propertyPath: m_LocalRotation.y
      value: 0
      objectReference: {fileID: 0}
    - target: {fileID: 8427963662545804896, guid: 490c54563dbb16c4a8bcae2f723fe7e4,
        type: 3}
      propertyPath: m_LocalRotation.z
      value: 0
      objectReference: {fileID: 0}
    - target: {fileID: 8427963662545804896, guid: 490c54563dbb16c4a8bcae2f723fe7e4,
        type: 3}
      propertyPath: m_LocalRotation.w
      value: 1
      objectReference: {fileID: 0}
    - target: {fileID: 8427963662545804896, guid: 490c54563dbb16c4a8bcae2f723fe7e4,
        type: 3}
      propertyPath: m_RootOrder
      value: 1
      objectReference: {fileID: 0}
    - target: {fileID: 8427963662545804896, guid: 490c54563dbb16c4a8bcae2f723fe7e4,
        type: 3}
      propertyPath: m_LocalEulerAnglesHint.x
      value: 0
      objectReference: {fileID: 0}
    - target: {fileID: 8427963662545804896, guid: 490c54563dbb16c4a8bcae2f723fe7e4,
        type: 3}
      propertyPath: m_LocalEulerAnglesHint.y
      value: 0
      objectReference: {fileID: 0}
    - target: {fileID: 8427963662545804896, guid: 490c54563dbb16c4a8bcae2f723fe7e4,
        type: 3}
      propertyPath: m_LocalEulerAnglesHint.z
      value: 0
      objectReference: {fileID: 0}
    - target: {fileID: 8427963662545804896, guid: 490c54563dbb16c4a8bcae2f723fe7e4,
        type: 3}
      propertyPath: m_LocalScale.x
      value: 2.333333
      objectReference: {fileID: 0}
    - target: {fileID: 8427963662545804896, guid: 490c54563dbb16c4a8bcae2f723fe7e4,
        type: 3}
      propertyPath: m_LocalScale.y
      value: 2.333333
      objectReference: {fileID: 0}
    - target: {fileID: 8427963662545804896, guid: 490c54563dbb16c4a8bcae2f723fe7e4,
        type: 3}
      propertyPath: m_LocalScale.z
      value: 2.333333
      objectReference: {fileID: 0}
    m_RemovedComponents: []
  m_SourcePrefab: {fileID: 100100000, guid: 490c54563dbb16c4a8bcae2f723fe7e4, type: 3}
--- !u!4 &3187051960674104891 stripped
Transform:
  m_CorrespondingSourceObject: {fileID: 8427963662545804896, guid: 490c54563dbb16c4a8bcae2f723fe7e4,
    type: 3}
  m_PrefabInstance: {fileID: 6398641536183068763}
  m_PrefabAsset: {fileID: 0}
