%YAML 1.1
%TAG !u! tag:unity3d.com,2011:
--- !u!1 &1675573692868617340
GameObject:
  m_ObjectHideFlags: 0
  m_CorrespondingSourceObject: {fileID: 0}
  m_PrefabInstance: {fileID: 0}
  m_PrefabAsset: {fileID: 0}
  serializedVersion: 6
  m_Component:
  - component: {fileID: 3570129239281153411}
  - component: {fileID: 2660701217887779532}
  - component: {fileID: 5578972565282939774}
  m_Layer: 9
  m_Name: Cube
  m_TagString: Untagged
  m_Icon: {fileID: 0}
  m_NavMeshLayer: 0
  m_StaticEditorFlags: 0
  m_IsActive: 1
--- !u!4 &3570129239281153411
Transform:
  m_ObjectHideFlags: 0
  m_CorrespondingSourceObject: {fileID: 0}
  m_PrefabInstance: {fileID: 0}
  m_PrefabAsset: {fileID: 0}
  m_GameObject: {fileID: 1675573692868617340}
  m_LocalRotation: {x: 0.5, y: 0.5, z: 0.5, w: -0.5}
  m_LocalPosition: {x: 0, y: 0.92, z: 0}
  m_LocalScale: {x: 100, y: 100.000015, z: 100}
  m_Children: []
  m_Father: {fileID: 7707608889719640871}
  m_RootOrder: 0
  m_LocalEulerAnglesHint: {x: -90.00001, y: 0, z: 270}
--- !u!33 &2660701217887779532
MeshFilter:
  m_ObjectHideFlags: 0
  m_CorrespondingSourceObject: {fileID: 0}
  m_PrefabInstance: {fileID: 0}
  m_PrefabAsset: {fileID: 0}
  m_GameObject: {fileID: 1675573692868617340}
  m_Mesh: {fileID: 4300000, guid: 5d1ba533bb2518d40bc130c9497ef254, type: 3}
--- !u!23 &5578972565282939774
MeshRenderer:
  m_ObjectHideFlags: 0
  m_CorrespondingSourceObject: {fileID: 0}
  m_PrefabInstance: {fileID: 0}
  m_PrefabAsset: {fileID: 0}
  m_GameObject: {fileID: 1675573692868617340}
  m_Enabled: 1
  m_CastShadows: 1
  m_ReceiveShadows: 1
  m_DynamicOccludee: 1
  m_MotionVectors: 1
  m_LightProbeUsage: 1
  m_ReflectionProbeUsage: 1
  m_RayTracingMode: 2
  m_RenderingLayerMask: 1
  m_RendererPriority: 0
  m_Materials:
  - {fileID: 2100000, guid: 28cf36ee858c64a77a6ab0f7596d6b90, type: 2}
  m_StaticBatchInfo:
    firstSubMesh: 0
    subMeshCount: 0
  m_StaticBatchRoot: {fileID: 0}
  m_ProbeAnchor: {fileID: 0}
  m_LightProbeVolumeOverride: {fileID: 0}
  m_ScaleInLightmap: 1
  m_ReceiveGI: 1
  m_PreserveUVs: 0
  m_IgnoreNormalsForChartDetection: 0
  m_ImportantGI: 0
  m_StitchLightmapSeams: 0
  m_SelectedEditorRenderState: 3
  m_MinimumChartSize: 4
  m_AutoUVMaxDistance: 0.5
  m_AutoUVMaxAngle: 89
  m_LightmapParameters: {fileID: 0}
  m_SortingLayerID: 0
  m_SortingLayer: 0
  m_SortingOrder: 0
--- !u!1 &7707608889719934727
GameObject:
  m_ObjectHideFlags: 0
  m_CorrespondingSourceObject: {fileID: 0}
  m_PrefabInstance: {fileID: 0}
  m_PrefabAsset: {fileID: 0}
  serializedVersion: 6
  m_Component:
  - component: {fileID: 7707608889719640871}
  - component: {fileID: -1821116688869394319}
  - component: {fileID: 5454884242670908013}
  - component: {fileID: 3873915294858803736}
  m_Layer: 9
  m_Name: Soft milk
  m_TagString: Untagged
  m_Icon: {fileID: 0}
  m_NavMeshLayer: 0
  m_StaticEditorFlags: 0
  m_IsActive: 1
--- !u!4 &7707608889719640871
Transform:
  m_ObjectHideFlags: 0
  m_CorrespondingSourceObject: {fileID: 0}
  m_PrefabInstance: {fileID: 0}
  m_PrefabAsset: {fileID: 0}
  m_GameObject: {fileID: 7707608889719934727}
  m_LocalRotation: {x: 0, y: 0, z: 0, w: 1}
  m_LocalPosition: {x: 0, y: 0, z: 0}
  m_LocalScale: {x: 0.3, y: 0.3, z: 0.3}
  m_Children:
  - {fileID: 3570129239281153411}
  - {fileID: 1131275515424647506}
  m_Father: {fileID: 0}
  m_RootOrder: 0
  m_LocalEulerAnglesHint: {x: 0, y: 0, z: 0}
--- !u!65 &-1821116688869394319
BoxCollider:
  m_ObjectHideFlags: 0
  m_CorrespondingSourceObject: {fileID: 0}
  m_PrefabInstance: {fileID: 0}
  m_PrefabAsset: {fileID: 0}
  m_GameObject: {fileID: 7707608889719934727}
  m_Material: {fileID: 0}
  m_IsTrigger: 0
  m_Enabled: 1
  serializedVersion: 2
  m_Size: {x: 5.654978, y: 2, z: 4.2926097}
  m_Center: {x: -0.060985483, y: 0.86, z: 0.08220235}
--- !u!54 &5454884242670908013
Rigidbody:
  m_ObjectHideFlags: 0
  m_CorrespondingSourceObject: {fileID: 0}
  m_PrefabInstance: {fileID: 0}
  m_PrefabAsset: {fileID: 0}
  m_GameObject: {fileID: 7707608889719934727}
  serializedVersion: 2
  m_Mass: 1
  m_Drag: 0
  m_AngularDrag: 0.05
  m_UseGravity: 0
  m_IsKinematic: 1
  m_Interpolate: 0
  m_Constraints: 0
  m_CollisionDetection: 0
--- !u!114 &3873915294858803736
MonoBehaviour:
  m_ObjectHideFlags: 0
  m_CorrespondingSourceObject: {fileID: 0}
  m_PrefabInstance: {fileID: 0}
  m_PrefabAsset: {fileID: 0}
  m_GameObject: {fileID: 7707608889719934727}
  m_Enabled: 1
  m_EditorHideFlags: 0
  m_Script: {fileID: 11500000, guid: 00cdb32c055112849ba987c7947cf138, type: 3}
  m_Name: 
  m_EditorClassIdentifier: 
--- !u!1001 &8882573298325190450
PrefabInstance:
  m_ObjectHideFlags: 0
  serializedVersion: 2
  m_Modification:
    m_TransformParent: {fileID: 7707608889719640871}
    m_Modifications:
    - target: {fileID: 3683783339447786861, guid: 490c54563dbb16c4a8bcae2f723fe7e4,
        type: 3}
      propertyPath: m_Name
      value: stink
      objectReference: {fileID: 0}
    - target: {fileID: 8427963662545804896, guid: 490c54563dbb16c4a8bcae2f723fe7e4,
        type: 3}
      propertyPath: m_LocalPosition.x
      value: 0
      objectReference: {fileID: 0}
    - target: {fileID: 8427963662545804896, guid: 490c54563dbb16c4a8bcae2f723fe7e4,
        type: 3}
      propertyPath: m_LocalPosition.y
      value: 0
      objectReference: {fileID: 0}
    - target: {fileID: 8427963662545804896, guid: 490c54563dbb16c4a8bcae2f723fe7e4,
        type: 3}
      propertyPath: m_LocalPosition.z
      value: 0
      objectReference: {fileID: 0}
    - target: {fileID: 8427963662545804896, guid: 490c54563dbb16c4a8bcae2f723fe7e4,
        type: 3}
      propertyPath: m_LocalRotation.x
      value: 0
      objectReference: {fileID: 0}
    - target: {fileID: 8427963662545804896, guid: 490c54563dbb16c4a8bcae2f723fe7e4,
        type: 3}
      propertyPath: m_LocalRotation.y
      value: 0
      objectReference: {fileID: 0}
    - target: {fileID: 8427963662545804896, guid: 490c54563dbb16c4a8bcae2f723fe7e4,
        type: 3}
      propertyPath: m_LocalRotation.z
      value: 0
      objectReference: {fileID: 0}
    - target: {fileID: 8427963662545804896, guid: 490c54563dbb16c4a8bcae2f723fe7e4,
        type: 3}
      propertyPath: m_LocalRotation.w
      value: 1
      objectReference: {fileID: 0}
    - target: {fileID: 8427963662545804896, guid: 490c54563dbb16c4a8bcae2f723fe7e4,
        type: 3}
      propertyPath: m_RootOrder
      value: 1
      objectReference: {fileID: 0}
    - target: {fileID: 8427963662545804896, guid: 490c54563dbb16c4a8bcae2f723fe7e4,
        type: 3}
      propertyPath: m_LocalEulerAnglesHint.x
      value: 0
      objectReference: {fileID: 0}
    - target: {fileID: 8427963662545804896, guid: 490c54563dbb16c4a8bcae2f723fe7e4,
        type: 3}
      propertyPath: m_LocalEulerAnglesHint.y
      value: 0
      objectReference: {fileID: 0}
    - target: {fileID: 8427963662545804896, guid: 490c54563dbb16c4a8bcae2f723fe7e4,
        type: 3}
      propertyPath: m_LocalEulerAnglesHint.z
      value: 0
      objectReference: {fileID: 0}
    - target: {fileID: 8427963662545804896, guid: 490c54563dbb16c4a8bcae2f723fe7e4,
        type: 3}
      propertyPath: m_LocalScale.x
      value: 2.333333
      objectReference: {fileID: 0}
    - target: {fileID: 8427963662545804896, guid: 490c54563dbb16c4a8bcae2f723fe7e4,
        type: 3}
      propertyPath: m_LocalScale.y
      value: 2.333333
      objectReference: {fileID: 0}
    - target: {fileID: 8427963662545804896, guid: 490c54563dbb16c4a8bcae2f723fe7e4,
        type: 3}
      propertyPath: m_LocalScale.z
      value: 2.333333
      objectReference: {fileID: 0}
    m_RemovedComponents: []
  m_SourcePrefab: {fileID: 100100000, guid: 490c54563dbb16c4a8bcae2f723fe7e4, type: 3}
--- !u!4 &1131275515424647506 stripped
Transform:
  m_CorrespondingSourceObject: {fileID: 8427963662545804896, guid: 490c54563dbb16c4a8bcae2f723fe7e4,
    type: 3}
  m_PrefabInstance: {fileID: 8882573298325190450}
  m_PrefabAsset: {fileID: 0}
