%YAML 1.1
%TAG !u! tag:unity3d.com,2011:
--- !u!1 &3216904774469094426
GameObject:
  m_ObjectHideFlags: 0
  m_CorrespondingSourceObject: {fileID: 0}
  m_PrefabInstance: {fileID: 0}
  m_PrefabAsset: {fileID: 0}
  serializedVersion: 6
  m_Component:
  - component: {fileID: 3216904774468931642}
  - component: {fileID: 3216904774466064408}
  - component: {fileID: 3216904774467162840}
  m_Layer: 9
  m_Name: Cube
  m_TagString: Untagged
  m_Icon: {fileID: 0}
  m_NavMeshLayer: 0
  m_StaticEditorFlags: 0
  m_IsActive: 1
--- !u!4 &3216904774468931642
Transform:
  m_ObjectHideFlags: 0
  m_CorrespondingSourceObject: {fileID: 0}
  m_PrefabInstance: {fileID: 0}
  m_PrefabAsset: {fileID: 0}
  m_GameObject: {fileID: 3216904774469094426}
  m_LocalRotation: {x: 0.5000002, y: -0.49999976, z: 0.49999988, w: -0.5000002}
  m_LocalPosition: {x: -1.81, y: 1.11, z: -0}
  m_LocalScale: {x: 100, y: 100, z: 100}
  m_Children: []
  m_Father: {fileID: 3216904774468931644}
  m_RootOrder: 0
  m_LocalEulerAnglesHint: {x: 180, y: -90, z: 89.99999}
--- !u!33 &3216904774466064408
MeshFilter:
  m_ObjectHideFlags: 0
  m_CorrespondingSourceObject: {fileID: 0}
  m_PrefabInstance: {fileID: 0}
  m_PrefabAsset: {fileID: 0}
  m_GameObject: {fileID: 3216904774469094426}
  m_Mesh: {fileID: 4300000, guid: 5e20c544a4d373f40a67afcb8747da97, type: 3}
--- !u!23 &3216904774467162840
MeshRenderer:
  m_ObjectHideFlags: 0
  m_CorrespondingSourceObject: {fileID: 0}
  m_PrefabInstance: {fileID: 0}
  m_PrefabAsset: {fileID: 0}
  m_GameObject: {fileID: 3216904774469094426}
  m_Enabled: 1
  m_CastShadows: 1
  m_ReceiveShadows: 1
  m_DynamicOccludee: 1
  m_MotionVectors: 1
  m_LightProbeUsage: 1
  m_ReflectionProbeUsage: 1
  m_RayTracingMode: 2
  m_RenderingLayerMask: 1
  m_RendererPriority: 0
  m_Materials:
  - {fileID: 2100000, guid: 3df95b9fb0f4ef94d97970bc76c0c9ec, type: 2}
  m_StaticBatchInfo:
    firstSubMesh: 0
    subMeshCount: 0
  m_StaticBatchRoot: {fileID: 0}
  m_ProbeAnchor: {fileID: 0}
  m_LightProbeVolumeOverride: {fileID: 0}
  m_ScaleInLightmap: 1
  m_ReceiveGI: 1
  m_PreserveUVs: 0
  m_IgnoreNormalsForChartDetection: 0
  m_ImportantGI: 0
  m_StitchLightmapSeams: 0
  m_SelectedEditorRenderState: 3
  m_MinimumChartSize: 4
  m_AutoUVMaxDistance: 0.5
  m_AutoUVMaxAngle: 89
  m_LightmapParameters: {fileID: 0}
  m_SortingLayerID: 0
  m_SortingLayer: 0
  m_SortingOrder: 0
--- !u!1 &3216904774469094428
GameObject:
  m_ObjectHideFlags: 0
  m_CorrespondingSourceObject: {fileID: 0}
  m_PrefabInstance: {fileID: 0}
  m_PrefabAsset: {fileID: 0}
  serializedVersion: 6
  m_Component:
  - component: {fileID: 3216904774468931644}
  - component: {fileID: 7263878978835263010}
  - component: {fileID: 357986423387019191}
  - component: {fileID: 5119970855129835418}
  m_Layer: 9
  m_Name: Soya milk
  m_TagString: Untagged
  m_Icon: {fileID: 0}
  m_NavMeshLayer: 0
  m_StaticEditorFlags: 0
  m_IsActive: 1
--- !u!4 &3216904774468931644
Transform:
  m_ObjectHideFlags: 0
  m_CorrespondingSourceObject: {fileID: 0}
  m_PrefabInstance: {fileID: 0}
  m_PrefabAsset: {fileID: 0}
  m_GameObject: {fileID: 3216904774469094428}
  m_LocalRotation: {x: 0, y: 0, z: 0, w: 1}
  m_LocalPosition: {x: 0, y: 0, z: 0}
  m_LocalScale: {x: 0.3, y: 0.3, z: 0.3}
  m_Children:
  - {fileID: 3216904774468931642}
  - {fileID: 6652065802861260703}
  m_Father: {fileID: 0}
  m_RootOrder: 0
  m_LocalEulerAnglesHint: {x: 0, y: 0, z: 0}
--- !u!65 &7263878978835263010
BoxCollider:
  m_ObjectHideFlags: 0
  m_CorrespondingSourceObject: {fileID: 0}
  m_PrefabInstance: {fileID: 0}
  m_PrefabAsset: {fileID: 0}
  m_GameObject: {fileID: 3216904774469094428}
  m_Material: {fileID: 0}
  m_IsTrigger: 0
  m_Enabled: 1
  serializedVersion: 2
  m_Size: {x: 6.58, y: 2.23, z: 2.71}
  m_Center: {x: 0, y: 1.1, z: 0}
--- !u!54 &357986423387019191
Rigidbody:
  m_ObjectHideFlags: 0
  m_CorrespondingSourceObject: {fileID: 0}
  m_PrefabInstance: {fileID: 0}
  m_PrefabAsset: {fileID: 0}
  m_GameObject: {fileID: 3216904774469094428}
  serializedVersion: 2
  m_Mass: 1
  m_Drag: 0
  m_AngularDrag: 0.05
  m_UseGravity: 0
  m_IsKinematic: 1
  m_Interpolate: 0
  m_Constraints: 0
  m_CollisionDetection: 0
--- !u!114 &5119970855129835418
MonoBehaviour:
  m_ObjectHideFlags: 0
  m_CorrespondingSourceObject: {fileID: 0}
  m_PrefabInstance: {fileID: 0}
  m_PrefabAsset: {fileID: 0}
  m_GameObject: {fileID: 3216904774469094428}
  m_Enabled: 1
  m_EditorHideFlags: 0
  m_Script: {fileID: 11500000, guid: 00cdb32c055112849ba987c7947cf138, type: 3}
  m_Name: 
  m_EditorClassIdentifier: 
--- !u!1001 &2929247233295577599
PrefabInstance:
  m_ObjectHideFlags: 0
  serializedVersion: 2
  m_Modification:
    m_TransformParent: {fileID: 3216904774468931644}
    m_Modifications:
    - target: {fileID: 3683783339447786861, guid: 490c54563dbb16c4a8bcae2f723fe7e4,
        type: 3}
      propertyPath: m_Name
      value: stink
      objectReference: {fileID: 0}
    - target: {fileID: 8427963662545804896, guid: 490c54563dbb16c4a8bcae2f723fe7e4,
        type: 3}
      propertyPath: m_LocalPosition.x
      value: 0
      objectReference: {fileID: 0}
    - target: {fileID: 8427963662545804896, guid: 490c54563dbb16c4a8bcae2f723fe7e4,
        type: 3}
      propertyPath: m_LocalPosition.y
      value: 0
      objectReference: {fileID: 0}
    - target: {fileID: 8427963662545804896, guid: 490c54563dbb16c4a8bcae2f723fe7e4,
        type: 3}
      propertyPath: m_LocalPosition.z
      value: 0
      objectReference: {fileID: 0}
    - target: {fileID: 8427963662545804896, guid: 490c54563dbb16c4a8bcae2f723fe7e4,
        type: 3}
      propertyPath: m_LocalRotation.x
      value: 0
      objectReference: {fileID: 0}
    - target: {fileID: 8427963662545804896, guid: 490c54563dbb16c4a8bcae2f723fe7e4,
        type: 3}
      propertyPath: m_LocalRotation.y
      value: 0
      objectReference: {fileID: 0}
    - target: {fileID: 8427963662545804896, guid: 490c54563dbb16c4a8bcae2f723fe7e4,
        type: 3}
      propertyPath: m_LocalRotation.z
      value: 0
      objectReference: {fileID: 0}
    - target: {fileID: 8427963662545804896, guid: 490c54563dbb16c4a8bcae2f723fe7e4,
        type: 3}
      propertyPath: m_LocalRotation.w
      value: 1
      objectReference: {fileID: 0}
    - target: {fileID: 8427963662545804896, guid: 490c54563dbb16c4a8bcae2f723fe7e4,
        type: 3}
      propertyPath: m_RootOrder
      value: 1
      objectReference: {fileID: 0}
    - target: {fileID: 8427963662545804896, guid: 490c54563dbb16c4a8bcae2f723fe7e4,
        type: 3}
      propertyPath: m_LocalEulerAnglesHint.x
      value: 0
      objectReference: {fileID: 0}
    - target: {fileID: 8427963662545804896, guid: 490c54563dbb16c4a8bcae2f723fe7e4,
        type: 3}
      propertyPath: m_LocalEulerAnglesHint.y
      value: 0
      objectReference: {fileID: 0}
    - target: {fileID: 8427963662545804896, guid: 490c54563dbb16c4a8bcae2f723fe7e4,
        type: 3}
      propertyPath: m_LocalEulerAnglesHint.z
      value: 0
      objectReference: {fileID: 0}
    - target: {fileID: 8427963662545804896, guid: 490c54563dbb16c4a8bcae2f723fe7e4,
        type: 3}
      propertyPath: m_LocalScale.x
      value: 2.333333
      objectReference: {fileID: 0}
    - target: {fileID: 8427963662545804896, guid: 490c54563dbb16c4a8bcae2f723fe7e4,
        type: 3}
      propertyPath: m_LocalScale.y
      value: 2.333333
      objectReference: {fileID: 0}
    - target: {fileID: 8427963662545804896, guid: 490c54563dbb16c4a8bcae2f723fe7e4,
        type: 3}
      propertyPath: m_LocalScale.z
      value: 2.333333
      objectReference: {fileID: 0}
    m_RemovedComponents: []
  m_SourcePrefab: {fileID: 100100000, guid: 490c54563dbb16c4a8bcae2f723fe7e4, type: 3}
--- !u!4 &6652065802861260703 stripped
Transform:
  m_CorrespondingSourceObject: {fileID: 8427963662545804896, guid: 490c54563dbb16c4a8bcae2f723fe7e4,
    type: 3}
  m_PrefabInstance: {fileID: 2929247233295577599}
  m_PrefabAsset: {fileID: 0}
