%YAML 1.1
%TAG !u! tag:unity3d.com,2011:
--- !u!1 &6035965263606495161
GameObject:
  m_ObjectHideFlags: 0
  m_CorrespondingSourceObject: {fileID: 0}
  m_PrefabInstance: {fileID: 0}
  m_PrefabAsset: {fileID: 0}
  serializedVersion: 6
  m_Component:
  - component: {fileID: 6035965263606393753}
  - component: {fileID: -6169435582022189484}
  - component: {fileID: -4359340103550491757}
  - component: {fileID: -2713026392299741917}
  m_Layer: 9
  m_Name: Steak
  m_TagString: Untagged
  m_Icon: {fileID: 0}
  m_NavMeshLayer: 0
  m_StaticEditorFlags: 0
  m_IsActive: 1
--- !u!4 &6035965263606393753
Transform:
  m_ObjectHideFlags: 0
  m_CorrespondingSourceObject: {fileID: 0}
  m_PrefabInstance: {fileID: 0}
  m_PrefabAsset: {fileID: 0}
  m_GameObject: {fileID: 6035965263606495161}
  m_LocalRotation: {x: 0, y: 0, z: 0, w: 1}
  m_LocalPosition: {x: 0, y: 0, z: 0}
  m_LocalScale: {x: 0.3, y: 0.3, z: 0.3}
  m_Children:
  - {fileID: 827015061783955122}
  m_Father: {fileID: 0}
  m_RootOrder: 0
  m_LocalEulerAnglesHint: {x: 0, y: 0, z: 0}
--- !u!114 &-6169435582022189484
MonoBehaviour:
  m_ObjectHideFlags: 0
  m_CorrespondingSourceObject: {fileID: 0}
  m_PrefabInstance: {fileID: 0}
  m_PrefabAsset: {fileID: 0}
  m_GameObject: {fileID: 6035965263606495161}
  m_Enabled: 1
  m_EditorHideFlags: 0
  m_Script: {fileID: 11500000, guid: e1a167d4f7505094094ebccf693ae2f3, type: 3}
  m_Name: 
  m_EditorClassIdentifier: 
--- !u!65 &-4359340103550491757
BoxCollider:
  m_ObjectHideFlags: 0
  m_CorrespondingSourceObject: {fileID: 0}
  m_PrefabInstance: {fileID: 0}
  m_PrefabAsset: {fileID: 0}
  m_GameObject: {fileID: 6035965263606495161}
  m_Material: {fileID: 0}
  m_IsTrigger: 0
  m_Enabled: 1
  serializedVersion: 2
  m_Size: {x: 4.6828427, y: 1.0628366, z: 3.5065007}
  m_Center: {x: 0.32306075, y: 0.42, z: 0.6449894}
--- !u!54 &-2713026392299741917
Rigidbody:
  m_ObjectHideFlags: 0
  m_CorrespondingSourceObject: {fileID: 0}
  m_PrefabInstance: {fileID: 0}
  m_PrefabAsset: {fileID: 0}
  m_GameObject: {fileID: 6035965263606495161}
  serializedVersion: 2
  m_Mass: 1
  m_Drag: 0
  m_AngularDrag: 0.05
  m_UseGravity: 0
  m_IsKinematic: 1
  m_Interpolate: 0
  m_Constraints: 0
  m_CollisionDetection: 0
--- !u!1001 &5620651900041850280
PrefabInstance:
  m_ObjectHideFlags: 0
  serializedVersion: 2
  m_Modification:
    m_TransformParent: {fileID: 6035965263606393753}
    m_Modifications:
    - target: {fileID: -4216859302048453862, guid: bcd18ce44b3844cdaa50c64c4be9cd68,
        type: 3}
      propertyPath: m_LocalPosition.x
      value: 0
      objectReference: {fileID: 0}
    - target: {fileID: -4216859302048453862, guid: bcd18ce44b3844cdaa50c64c4be9cd68,
        type: 3}
      propertyPath: m_LocalPosition.y
      value: 0.51
      objectReference: {fileID: 0}
    - target: {fileID: -4216859302048453862, guid: bcd18ce44b3844cdaa50c64c4be9cd68,
        type: 3}
      propertyPath: m_LocalPosition.z
      value: 0
      objectReference: {fileID: 0}
    - target: {fileID: -4216859302048453862, guid: bcd18ce44b3844cdaa50c64c4be9cd68,
        type: 3}
      propertyPath: m_LocalRotation.x
      value: 0.5
      objectReference: {fileID: 0}
    - target: {fileID: -4216859302048453862, guid: bcd18ce44b3844cdaa50c64c4be9cd68,
        type: 3}
      propertyPath: m_LocalRotation.y
      value: 0.5
      objectReference: {fileID: 0}
    - target: {fileID: -4216859302048453862, guid: bcd18ce44b3844cdaa50c64c4be9cd68,
        type: 3}
      propertyPath: m_LocalRotation.z
      value: -0.50000054
      objectReference: {fileID: 0}
    - target: {fileID: -4216859302048453862, guid: bcd18ce44b3844cdaa50c64c4be9cd68,
        type: 3}
      propertyPath: m_LocalRotation.w
      value: 0.4999996
      objectReference: {fileID: 0}
    - target: {fileID: -4216859302048453862, guid: bcd18ce44b3844cdaa50c64c4be9cd68,
        type: 3}
      propertyPath: m_RootOrder
      value: 0
      objectReference: {fileID: 0}
    - target: {fileID: -4216859302048453862, guid: bcd18ce44b3844cdaa50c64c4be9cd68,
        type: 3}
      propertyPath: m_LocalEulerAnglesHint.x
      value: 90
      objectReference: {fileID: 0}
    - target: {fileID: -4216859302048453862, guid: bcd18ce44b3844cdaa50c64c4be9cd68,
        type: 3}
      propertyPath: m_LocalEulerAnglesHint.y
      value: 180
      objectReference: {fileID: 0}
    - target: {fileID: -4216859302048453862, guid: bcd18ce44b3844cdaa50c64c4be9cd68,
        type: 3}
      propertyPath: m_LocalEulerAnglesHint.z
      value: 89.99999
      objectReference: {fileID: 0}
    - target: {fileID: -4216859302048453862, guid: bcd18ce44b3844cdaa50c64c4be9cd68,
        type: 3}
      propertyPath: m_LocalScale.x
      value: 242.69643
      objectReference: {fileID: 0}
    - target: {fileID: -4216859302048453862, guid: bcd18ce44b3844cdaa50c64c4be9cd68,
        type: 3}
      propertyPath: m_LocalScale.y
      value: 242.69643
      objectReference: {fileID: 0}
    - target: {fileID: -4216859302048453862, guid: bcd18ce44b3844cdaa50c64c4be9cd68,
        type: 3}
      propertyPath: m_LocalScale.z
      value: 242.69643
      objectReference: {fileID: 0}
    - target: {fileID: -1504981713932161579, guid: bcd18ce44b3844cdaa50c64c4be9cd68,
        type: 3}
      propertyPath: m_Materials.Array.data[0]
      value: 
      objectReference: {fileID: 2100000, guid: 22a01d77dd9b0e041a98a27178e5cc57, type: 2}
    - target: {fileID: -1504981713932161579, guid: bcd18ce44b3844cdaa50c64c4be9cd68,
        type: 3}
      propertyPath: m_Materials.Array.data[1]
      value: 
      objectReference: {fileID: 2100000, guid: d46447b9130d08743a93f2be0eac5b68, type: 2}
    - target: {fileID: -927199367670048503, guid: bcd18ce44b3844cdaa50c64c4be9cd68,
        type: 3}
      propertyPath: m_Name
      value: Steak
      objectReference: {fileID: 0}
    - target: {fileID: -927199367670048503, guid: bcd18ce44b3844cdaa50c64c4be9cd68,
        type: 3}
      propertyPath: m_IsActive
      value: 1
      objectReference: {fileID: 0}
    - target: {fileID: -927199367670048503, guid: bcd18ce44b3844cdaa50c64c4be9cd68,
        type: 3}
      propertyPath: m_Layer
      value: 9
      objectReference: {fileID: 0}
    m_RemovedComponents: []
  m_SourcePrefab: {fileID: 100100000, guid: bcd18ce44b3844cdaa50c64c4be9cd68, type: 3}
--- !u!4 &827015061783955122 stripped
Transform:
  m_CorrespondingSourceObject: {fileID: -4216859302048453862, guid: bcd18ce44b3844cdaa50c64c4be9cd68,
    type: 3}
  m_PrefabInstance: {fileID: 5620651900041850280}
  m_PrefabAsset: {fileID: 0}
